@BOOK{AdamekRosicky,
	AUTHOR = {Adámek, Jiří AND Rosický, Jiří},
	YEAR = {1994},
	TITLE = {Locally presentable and Accessible categories},
	SERIES = {London Mathematical Society Lecture Note Series},
	VOLUME = {189},
    PUBLISHER = {Cambridge University Press},
}

@BOOK{MakkaiPare,
	AUTHOR = {Makkai, Michael AND Paré, Robert},
	YEAR = {1994},
	TITLE = {Accessible Categories: The Foundations of Categorical Model Theory},
	SERIES = {Contemporary Mathematics},
	VOLUME = {104},
    PUBLISHER = {American Mathematical Society},
}

@BOOK{TTT,
	AUTHOR = {Barr, Michael AND Wells, Charles},
	YEAR = {2005},
	TITLE = {Toposes, Triples and Theories},
	SERIES = {Reprints in Theory and Applications of Categories}
}

@BOOK{CTCS,
	AUTHOR = {Barr, Michael AND Wells, Charles},
	YEAR = {1998},
	TITLE = {Category Theory for Computing Science}
}

@BOOK{Awodey,
	AUTHOR = {Awodey, Steve},
	TITLE = {Category Theory}
}

@BOOK{GabrielUlmer,
	AUTHOR = {Gabriel, Peter AND Ulmer, Friedrich},
	TITLE = {Lokal präsentierbare Kategorien}
}

@BOOK{cheng,
	AUTHOR = {Cheng, Eugenia},
	TITLE = {Category Theory (Lecture notes, Michaelmas 2002)}
}

@BOOK{elephant,
	AUTHOR = {Johnstone, Peter Tennant},
	TITLE = {Sketches Of An Elephant (Volume 2)}
}